@article{tarjan,
  title={Depth-first search and linear graph algorithms},
  author={Tarjan, Robert},
  journal={SIAM journal on computing},
  volume={1},
  number={2},
  pages={146--160},
  year={1972},
  publisher={SIAM}
}

@inproceedings{cytron,
  title={An efficient method of computing static single assignment form},
  author={Cytron, Ron and Ferrante, Jeanne and Rosen, Barry K and Wegman, Mark N and Zadeck, F Kenneth},
  booktitle={Proceedings of the 16th ACM SIGPLAN-SIGACT symposium on Principles of programming languages},
  pages={25--35},
  year={1989},
  organization={ACM}
}

@book{dragonbook,
  title={Compilers, Principles, Techniques},
  author={Aho, Alfred V and Sethi, Ravi and Ullman, Jeffrey D},
  year={1986},
  publisher={Addison wesley}
}

@inproceedings{sese,
  title={The program structure tree: Computing control regions in linear time},
  author={Johnson, Richard and Pearson, David and Pingali, Keshav},
  booktitle={ACM SigPlan Notices},
  volume={29},
  number={6},
  pages={171--185},
  year={1994},
  organization={ACM}
}

@inproceedings{click1995global,
  title={Global code motion/global value numbering},
  author={Click, Cliff},
  booktitle={ACM SIGPLAN Notices},
  volume={30},
  number={6},
  pages={246--257},
  year={1995},
  organization={ACM}
}

@inproceedings{rosen1988global,
  title={Global value numbers and redundant computations},
  author={Rosen, Barry K and Wegman, Mark N and Zadeck, F Kenneth},
  booktitle={Proceedings of the 15th ACM SIGPLAN-SIGACT symposium on Principles of programming languages},
  pages={12--27},
  year={1988},
  organization={ACM}
}

@inproceedings{novillo2007memory,
  title={Memory SSA-a unified approach for sparsely representing memory operations},
  author={Novillo, Diego},
  booktitle={Proc of the GCC Developers' Summit},
  year={2007},
  organization={Citeseer}
}

@article{Henning2000,
 title = {SPEC CPU2000: Measuring CPU Performance in the New Millennium},
 author = {Henning, John L.},
 journal = {Computer},
 issue_date = {July 2000},
 volume = {33},
 number = {7},
 month = jul,
 year = {2000},
 issn = {0018-9162},
 pages = {28--35},
 numpages = {8},
 url = {http://dx.doi.org/10.1109/2.869367},
 doi = {10.1109/2.869367},
 acmid = {621510},
 publisher = {IEEE Computer Society Press},
 address = {Los Alamitos, CA, USA},
}
